% This file was created with JabRef 2.10.
% Encoding: Cp1252


@Electronic{Konstanten,
  Title                    = {CODATA Recommended Values of the Fundamental Physical Constants},
  Month                    = {Mai},
  Url                      = {http://physics.nist.gov/cuu/Constants/index.html},
  Year                     = {2017},

  Owner                    = {Matze},
  Timestamp                = {2015.11.05}
}

@Electronic{peakdetect,
  Title                    = {Peak detection in Python},
  Month                    = {Mai},
  Url                      = {https://gist.github.com/gcalmettes/1784428},
  Year                     = {2017},

  Owner                    = {Matze},
  Timestamp                = {2017.05.12}
}

@Misc{skript,
  Title                    = {TU Dortmund - Fachbereich Physik : Fortgeschrittenenpraktikum Anleitung zu Versuch Nr. 60},
  HowPublished             = {http://129.217.224.2/HOMEPAGE/Anleitung\_FPBSc.html},
  Month                    = {Mai},
  Year                     = {2017},

  Owner                    = {Matze},
  Timestamp                = {2015.11.05}
}

@Misc{laser,
  Title                    = {Die wesentlichen Grundlagen eines Lasers},
  HowPublished             = {http://www.pci.tu-bs.de/aggericke/PC4/Kap_III/Laser.htm},
  Month                    = {Februar},
  Year                     = {2019},

  Owner                    = {Matze},
  Timestamp                = {2019.02.11}
}

@Book{SZE,
  Title = {Semiconductor Devices, Physics and Technology},
  Author = {S.Sze and M.Lee},
  Publisher = {Wiley},
  Year = {2013},
  ISBN = {9780470873670},
  Pagetotal = {XI, 582},
  Timestamp = {2019.02.11}
}