% This file was created with JabRef 2.10.
% Encoding: Cp1252


@Electronic{Konstanten,
  Title                    = {CODATA Recommended Values of the Fundamental Physical Constants},
  Month                    = {Mai},
  Url                      = {http://physics.nist.gov/cuu/Constants/index.html},
  Year                     = {2017},

  Owner                    = {Matze},
  Timestamp                = {2015.11.05}
}

@Electronic{peakdetect,
  Title                    = {Peak detection in Python},
  Month                    = {Mai},
  Url                      = {https://gist.github.com/gcalmettes/1784428},
  Year                     = {2017},

  Owner                    = {Matze},
  Timestamp                = {2017.05.12}
}

@Electronic{Kaliumchlorid,
  Title                    = {Kaliumchlorid},
  Month                    = {Mai},
  Url                      = {http://www.bettyandjim.com/N1YPONO1},
  Year                     = {2017},

  Owner                    = {Matze},
  Timestamp                = {2017.05.12}
}

@Misc{skript,
  Title                    = {TU Dortmund - Fachbereich Physik : Fortgeschrittenenpraktikum Anleitung zu Versuch Nr. 23},
  HowPublished             = {http://129.217.224.2/HOMEPAGE/Anleitung\_FPBSc.html},
  Month                    = {Mai},
  Year                     = {2017},

  Owner                    = {Matze},
  Timestamp                = {2015.11.05}
}

@Misc{gitter,
  Title                    = {Gitterkonstanten},
  HowPublished             = {https://www.tf.uni-kiel.de/matwis/amat/mw1\_ge/kap\_3/illustr/t3\_1\_1.html},
  Month                    = {Mai},
  Year                     = {2017},

  Owner                    = {Matze},
  Timestamp                = {2015.11.05}
}
