% This file was created with JabRef 2.10.
% Encoding: Cp1252


@Electronic{Konstanten,
  Title                    = {CODATA Recommended Values of the Fundamental Physical Constants},
  Month                    = {Mai},
  Url                      = {http://physics.nist.gov/cuu/Constants/index.html},
  Year                     = {2017},

  Owner                    = {Matze},
  Timestamp                = {2015.11.05}
}

@Electronic{peakdetect,
  Title                    = {Peak detection in Python},
  Month                    = {Mai},
  Url                      = {https://gist.github.com/gcalmettes/1784428},
  Year                     = {2017},

  Owner                    = {Matze},
  Timestamp                = {2017.05.12}
}

@Misc{skript,
  Title                    = {TU Dortmund - Fachbereich Physik : Fortgeschrittenenpraktikum Anleitung zu Versuch Nr. 23},
  HowPublished             = {http://129.217.224.2/HOMEPAGE/Anleitung\_FPBSc.html},
  Month                    = {Mai},
  Year                     = {2017},

  Owner                    = {Matze},
  Timestamp                = {2015.11.05}
}


@Electronic{visko,
  Title                    = {Tabbelsammlung Chemie},
  Month                    = {Mai},
  Url                      = {https://de.wikibooks.org/wiki/Tabellensammlung_Chemie/_Stoffdaten_Wasser},
  Year                     = {2017},

  Owner                    = {},
  Timestamp                = {2018.06.24}
}

@Electronic{visko,
  Title                    = {Wikipedia},
  Month                    = {Mai},
  Url                      = {https://de.wikipedia.org/wiki/Diffusionskoeffizient},
  Year                     = {2017},

  Owner                    = {},
  Timestamp                = {2018.06.24}
}

